00524cas a22002051a 4500
001 999272393502836
003 Nz
005 20180807165357.0
008 031218d198u198unz uu ne      000 a eng d
035    $a (NLNZils)927239
035    $a (Nz)8131869
035    $a (NLNZils)927239-ilsdb
035    $a (OCoLC)976416602
040    $a WN $c WN
042    $a nznb
043    $a u-nz---
245 00 $a Bay sun spree.
260    $a [Tauranga, N.Z.]
651  0 $a Bay of Plenty (N.Z. : Region) $v Newspapers.
655  7 $a New Zealand newspapers. $2 local $5 Nz
